<?xml version="1.0" encoding="UTF-8"?><collection xmlns="http://www.loc.gov/MARC21/slim"><record><leader>00627nam--2200181-i-4500</leader><controlfield tag="001">000010282</controlfield><controlfield tag="002">20161230</controlfield><controlfield tag="005">20170121215746</controlfield><controlfield tag="008">060222s1000------------r-----000-0-eng-d</controlfield><datafield ind1=" " ind2=" " tag="080"><subfield code="a">621.039.542.342</subfield></datafield><datafield ind1=" " ind2=" " tag="100"><subfield code="a">Adamson, M. G</subfield></datafield><datafield ind1=" " ind2=" " tag="245"><subfield code="a">Thermal diffusion phenomena in nonstoichiometric oxide fuels. Part I: Evidence of gas phase oxygen transport in uo2+x. from axial and radial temperature-gradient experiments</subfield></datafield><datafield ind1=" " ind2=" " tag="260"><subfield code="a">Harwell</subfield><subfield code="b">Atomic Energy Research Establishment</subfield><subfield code="c">1972</subfield></datafield><datafield ind1=" " ind2=" " tag="300"><subfield code="a">25 p. + 2 Tabele + 12 Figuri</subfield></datafield><datafield ind1=" " ind2=" " tag="490"><subfield code="a">6830</subfield></datafield><datafield ind1=" " ind2=" " tag="700"><subfield code="a">Carney, R. F. A</subfield></datafield><datafield ind1=" " ind2=" " tag="852"><subfield code="a">37527</subfield></datafield><datafield ind1=" " ind2=" " tag="CAT"><subfield code="a">SYS</subfield><subfield code="c">20170121</subfield><subfield code="h">215746</subfield></datafield></record></collection>